% Encoding: UTF-8

@Article{gasparovic1969,
  author  = {Nebojsa Gasparovic},
  title   = {Fluide und Kreisprozesse f\"{u}r W\"{a}rmekraftanlagen mit gro{\ss}en Einheitsleistungen},
  journal = {Brennstoff-W\"{a}rme-Kraft},
  year    = {1969},
  volume  = {21},
  number  = {7},
  pages   = {347-394},
}